<record><leader>00000cas a22000007a 4500</leader><controlfield tag="001">25697835</controlfield><controlfield tag="008">920423d19071924wyuwr ne      0    0eng d</controlfield><datafield ind1=" " ind2=" " tag="010"><subfield code="a">sn 92067015 </subfield></datafield><datafield ind1=" " ind2=" " tag="040"><subfield code="a">NVO</subfield><subfield code="b">eng</subfield><subfield code="c">NVO</subfield><subfield code="d">OCLCQ</subfield></datafield><datafield ind1=" " ind2=" " tag="042"><subfield code="a">msc</subfield></datafield><datafield ind1="0" ind2=" " tag="130"><subfield code="a">News-journal (Newcastle, Wyo.)</subfield></datafield><datafield ind1="1" ind2="4" tag="245"><subfield code="a">The news-journal.</subfield></datafield><datafield ind1=" " ind2=" " tag="260"><subfield code="a">Newcastle, Weston County, Wyo. :</subfield><subfield code="b">News-journal Co.</subfield></datafield><datafield ind1=" " ind2=" " tag="300"><subfield code="a">v.</subfield></datafield><datafield ind1=" " ind2=" " tag="310"><subfield code="a">Weekly</subfield></datafield><datafield ind1="0" ind2=" " tag="362"><subfield code="a">Vol. 18, no. 24 (Feb. 22, 1907)-v. 41, no. 6 (Aug. 28, 1924).</subfield></datafield><datafield ind1=" " ind2=" " tag="515"><subfield code="a">Numbering is irregular; v. 32, no. 17-v. 37, no. 16 not published.</subfield></datafield><datafield ind1=" " ind2="4" tag="651"><subfield code="a">Newcastle (Wyo.)</subfield><subfield code="v">Newspapers.</subfield></datafield><datafield ind1=" " ind2="4" tag="651"><subfield code="a">Weston County (Wyo.)</subfield><subfield code="v">Newspapers.</subfield></datafield><datafield ind1=" " ind2=" " tag="752"><subfield code="a">United States</subfield><subfield code="b">Wyoming</subfield><subfield code="c">Weston</subfield><subfield code="d">Newcastle.</subfield></datafield><datafield ind1="0" ind2="0" tag="780"><subfield code="t">Newcastle news-journal (Newcastle, Wyo. : 1902)</subfield><subfield code="w">(DLC)sn 92067014</subfield></datafield><datafield ind1="0" ind2="7" tag="785"><subfield code="t">News letter (Newcastle, Wyo.)</subfield><subfield code="w">(DLC)sn 92067016</subfield></datafield><datafield ind1="0" ind2="7" tag="785"><subfield code="t">News letter, the news journal</subfield><subfield code="w">(DLC)sn 92067017</subfield></datafield></record>